
% federated-optimization-bibliography.bib

@misc{suzuki_2013,
	Title = {機械学習におけるオンライン確率的最適化の理論},
	Howpublished = {\url{https://www.slideshare.net/trinmu/stochasticoptim2013}},
	Author = {Suzuki Taiji},
	Year = {2013},
}

@misc{stochastic_2017,
	Title = {Stochastic Optimization Methods},
	Howpublished = {\url{http://www.cs.cmu.edu/~pradeepr/convexopt/Lecture\_Slides/stochastic\_optimization\_methods.pdf}},
	Author = {Pradeep Ravikumar},
	Year = {2017},
}
