
% federated-learning-bibliography.bib

@misc{1610.02527,
	Author = {Jakub Konecn{\'{y}} and H. Brendan McMahan and Daniel Ramage and Peter Richt{\'{a}}rik},
	Title = {Federated Optimization: Distributed Machine Learning for On-Device Intelligence},
	Year = {2016},
	Howpublished = {arXiv:1610.02527},
}

@misc{1902.01046,
	Author = {Keith Bonawitz and Hubert Eichner and Wolfgang Grieskamp and Dzmitry Huba and Alex Ingerman and Vladimir Ivanov and Chlo{\'{e}} Kiddon and Jakub Konecn{\'{y}} and Stefano Mazzocchi and H. Brendan McMahan and Timon Van Overveldt and David Petrou and Daniel Ramage and Jason Roselander},
	Title = {Towards Federated Learning at Scale: System Design},
	Year = {2019},
	Howpublished = {arXiv:1902.01046},
}

@misc{mcmahan_ramage_2017,
	Title = {Federated Learning: Collaborative Machine Learning without Centralized Training Data},
	Howpublished = {\url{https://ai.googleblog.com/2017/04/federated-learning-collaborative.html}},
	Author = {McMahan Brendan and Ramage Daniel},
	Year = {2017},
}
